<record><leader>00000cas a22000007a 4500</leader><controlfield tag="001">12815524</controlfield><controlfield tag="008">851118d18911895mtuwr ne      0    0eng d</controlfield><datafield ind1=" " ind2=" " tag="010"><subfield code="a">sn 85053332 </subfield></datafield><datafield ind1=" " ind2=" " tag="040"><subfield code="a">MTL</subfield><subfield code="b">eng</subfield><subfield code="c">MTL</subfield><subfield code="d">OCLCQ</subfield></datafield><datafield ind1=" " ind2=" " tag="042"><subfield code="a">msc</subfield></datafield><datafield ind1="0" ind2="4" tag="245"><subfield code="a">The Kalispell graphic.</subfield></datafield><datafield ind1=" " ind2=" " tag="260"><subfield code="a">Kalispell, Mont. :</subfield><subfield code="b">Mock &amp; Conner,</subfield><subfield code="c">-1895.</subfield></datafield><datafield ind1=" " ind2=" " tag="300"><subfield code="a">5 v. :</subfield><subfield code="b">ill. ;</subfield><subfield code="c">59 cm.</subfield></datafield><datafield ind1=" " ind2=" " tag="310"><subfield code="a">Weekly</subfield></datafield><datafield ind1="0" ind2=" " tag="362"><subfield code="a">-v. 5, no. 29 (Nov. 6, 1895).</subfield></datafield><datafield ind1="1" ind2=" " tag="362"><subfield code="a">Began in Apr. 1891.</subfield><subfield code="z">Cf. Kalispell journal, June 6, 1907.</subfield></datafield><datafield ind1=" " ind2=" " tag="500"><subfield code="a">"Started at Ashley ... moved to Kalispell to become the first paper published there." Cf. Elwood, H. Kalispell, Montana and the upper Flathead Valley.</subfield></datafield><datafield ind1=" " ind2=" " tag="588"><subfield code="a">Description based on: Vol. 2, no. 5 (May 25, 1892).</subfield></datafield><datafield ind1=" " ind2=" " tag="752"><subfield code="a">United States</subfield><subfield code="b">Montana</subfield><subfield code="c">Flathead</subfield><subfield code="d">Kalispell.</subfield></datafield><datafield ind1="0" ind2="4" tag="785"><subfield code="t">Inter lake</subfield><subfield code="g">Nov. 15, 1895</subfield><subfield code="w">(DLC)sn 85053333</subfield></datafield><datafield ind1="1" ind2=" " tag="029"><subfield code="a">AU@</subfield><subfield code="b">000023601775</subfield></datafield></record>